% This file was created with JabRef 2.6.
% Encoding: UTF-8

@INPROCEEDINGS{KM98,
  author = {Johannes KÃ¶bler and Jochen Messner and Abteilung Theoretische Informatik},
  title = {Complete Problems for Promise Classes by Optimal Proof Systems for
	Test Sets},
  booktitle = {In Proc. 13th Annual IEEE Conference on Computational Complexity,
	CC 98},
  year = {1998},
  pages = {132--140},
  publisher = {IEEE}
}

@INPROCEEDINGS{Mes99,
  author = {Messner, Jochen},
  title = {On optimal algorithms and optimal proof systems},
  booktitle = {Proceedings of the 16th annual conference on Theoretical aspects
	of computer science},
  year = {1999},
  series = {STACS'99},
  pages = {541--550},
  address = {Berlin, Heidelberg},
  publisher = {Springer-Verlag},
  acmid = {1764962},
  isbn = {3-540-65691-X},
  location = {Trier, Germany},
  numpages = {10},
  url = {http://dl.acm.org/citation.cfm?id=1764891.1764962}
}

